00597cas a22002291a 4500
001 999303663502836
003 Nz
005 20220202151310.0
008 040107d19831983nz wr ne      0   a0eng d
035    $a (NLNZils)930366
035    $a (Nz)8169299
035    $a (NLNZils)930366-ilsdb
035    $a (OCoLC)173421973
040    $a WN $c WN
042    $a nznb
043    $a u-nz---
245 00 $a Naenae-Taita advertiser.
260    $a [Naenae, N.Z. : $b s.n., $c 1983]
310    $a Weekly
362 0  $a 1983 Dec.7-1983 Dec.14
651  0 $a Lower Hutt (N.Z.) $v Newspapers.
655  7 $a New Zealand newspapers. $2 local $5 Nz
